@misc{gitlab-repo,
    title = "Gitlab: Cloud Shader Repository",
    url  = "https://gitlab.ti.bfh.ch/cpvr-students/cloud-shader"
}